%% This BibTeX bibliography file was created using BibDesk.
%% http://bibdesk.sourceforge.net/

%% Created for Louis at 2016-11-20 17:20:19 +0000 


%% Saved with string encoding Unicode (UTF-8) 



@article{saad2000iterative,
	Author = {Saad, Yousef and Van Der Vorst, Henk A},
	Date-Added = {2016-11-20 17:18:49 +0000},
	Date-Modified = {2016-11-20 17:18:49 +0000},
	Journal = {Journal of Computational and Applied Mathematics},
	Number = {1},
	Pages = {1--33},
	Publisher = {Elsevier},
	Title = {Iterative solution of linear systems in the 20th century},
	Volume = {123},
	Year = {2000}}
